@incollection{astrazioni_2020,
	title = {What can economists learn from machine learning?},
	booktitle = {Astrazioni stenografiche. {Concetti} chiave per vivere consapevolmente la nostra società},
	isbn = {978-88-6923-676-1},
	abstract = {Il nostro mondo racchiude un sottile ossimoro: se da un lato appare sempre più semplice e soddisfa istantaneamente i nostri bisogni elementari grazie a tecnologie sempre più avanzate, dall'altro diventa sempre più complesso e richiede un articolato sforzo concettuale per poterlo comprendere a fondo. Poco ci è richiesto per subire il divenire del mondo; molto per poterlo capire. Come ci prepariamo quindi ad affrontare il mondo? La scuola ci propone percorsi specializzati, ma proprio per questo incompleti, perché trascurano concetti elementari che ogni cittadino dovrebbe conoscere. Le astrazioni stenografiche sono proprio questi concetti chiave, utili a colmare questo gap di conoscenza e indispensabili nella formazione culturale di chiunque voglia essere parte attiva della società contemporanea. Il volume presenta cinque nuove astrazioni stenografiche: cinque appassionanti racconti di scienza, scritti da alcuni fra i migliori membri del Collegio Superiore dell'Università di Bologna, che illustrano alcune idee fondamentali per comprendere il mondo intorno a noi, aiutandoci a diventare cittadini consapevoli, più colti e più preparati.},
	language = {Italiano},
	publisher = {Bononia University Press},
	author = {Kevin Michael Frick},
	year = {2020},
}
